<?xml version="1.0" encoding="UTF-8"?><record xmlns="http://www.loc.gov/MARC21/slim" xmlns:cinclude="http://apache.org/cocoon/include/1.0" xmlns:zs="http://www.loc.gov/zing/srw/">
  <leader>00703cz  a2200193n  4500</leader>
  <controlfield tag="001">n  87123171 </controlfield>
  <controlfield tag="003">DLC</controlfield>
  <controlfield tag="005">20080402075732.0</controlfield>
  <controlfield tag="008">870827n| acannaabn          |a aaa      </controlfield>
  <datafield tag="010" ind1=" " ind2=" ">
    <subfield code="a">n  87123171 </subfield>
  </datafield>
  <datafield tag="035" ind1=" " ind2=" ">
    <subfield code="a">(OCoLC)oca01931580</subfield>
  </datafield>
  <datafield tag="040" ind1=" " ind2=" ">
    <subfield code="a">DLC</subfield>
    <subfield code="b">eng</subfield>
    <subfield code="c">DLC</subfield>
    <subfield code="d">DLC</subfield>
    <subfield code="d">OCoLC</subfield>
  </datafield>
  <datafield tag="100" ind1="1" ind2=" ">
    <subfield code="a">Kolmakova, Li︠u︡dmila</subfield>
  </datafield>
  <datafield tag="400" ind1="1" ind2=" ">
    <subfield code="a">Kolmakova, Loudmila</subfield>
  </datafield>
  <datafield tag="400" ind1="1" ind2=" ">
    <subfield code="a">Kolmakova, L.</subfield>
    <subfield code="q">(Li︠u︡dmila)</subfield>
  </datafield>
  <datafield tag="400" ind1="1" ind2=" ">
    <subfield code="a">Kolmakova, Ludmila</subfield>
  </datafield>
  <datafield tag="670" ind1=" " ind2=" ">
    <subfield code="a">Mussorgsky, M.P. Le mariage [SR] p1984:</subfield>
    <subfield code="b">container (Loudmila Kolmakova; mezzo-soprano)</subfield>
  </datafield>
  <datafield tag="670" ind1=" " ind2=" ">
    <subfield code="a">Mussorgsky, M.P. Zhenitʹba [SR] 1984:</subfield>
    <subfield code="b">labels (L. Kolmakova) container (Li︠u︡dmila Kolmakova; Ludmila Kolmakova [in rom.])</subfield>
  </datafield>
  <datafield tag="675" ind1=" " ind2=" ">
    <subfield code="a">Muzyk. ėnt︠s︡ikl.</subfield>
  </datafield>
</record>